<record><leader>00000cas a2200000 a 4500</leader><controlfield tag="001">11493950</controlfield><controlfield tag="008">841214d19501979txuwr ne      0   a0eng d</controlfield><datafield ind1=" " ind2=" " tag="010"><subfield code="a">sn 86090571 </subfield></datafield><datafield ind1=" " ind2=" " tag="040"><subfield code="a">TXR</subfield><subfield code="b">eng</subfield><subfield code="c">TXR</subfield><subfield code="d">PPM</subfield><subfield code="d">OCL</subfield><subfield code="d">OCLCQ</subfield></datafield><datafield ind1=" " ind2=" " tag="042"><subfield code="a">msc</subfield></datafield><datafield ind1="0" ind2="4" tag="245"><subfield code="a">The Kountze news.</subfield></datafield><datafield ind1=" " ind2=" " tag="260"><subfield code="a">Kountze, Tex. :</subfield><subfield code="b">Archer Fullingim,</subfield><subfield code="c">1950-1979.</subfield></datafield><datafield ind1=" " ind2=" " tag="300"><subfield code="a">29 v. :</subfield><subfield code="b">ill.</subfield></datafield><datafield ind1=" " ind2=" " tag="310"><subfield code="a">Weekly</subfield></datafield><datafield ind1="0" ind2=" " tag="362"><subfield code="a">Vol. 1, no. 1 (Sept. 14, 1950)-v. 29, no. 24 (Feb. 28, 1979).</subfield></datafield><datafield ind1=" " ind2=" " tag="580"><subfield code="a">Merged with: Oil city visitor, to form: News-visitor.</subfield></datafield><datafield ind1=" " ind2=" " tag="752"><subfield code="a">United States</subfield><subfield code="b">Texas</subfield><subfield code="c">Hardin</subfield><subfield code="d">Kountze.</subfield></datafield><datafield ind1="1" ind2="7" tag="785"><subfield code="t">Oil city visitor</subfield></datafield><datafield ind1="1" ind2="7" tag="785"><subfield code="t">News-vistor (Kountze, Tex.)</subfield></datafield></record>